@article{label,
  doi = {[doi]},
  url = {[url]},
  year = {[année]},
  month = {[mois]},
  publisher = {[titre]},
  volume = {[volume]},
  number = {[numéro]},
  pages = {[pages]},
  author = {[auteur(s)]},
  title = {[titre]},
  journal = {[revue]}
}