@article{enterotypes,
  doi = {10.1038/nature09944},
  url = {https://doi.org/10.1038/nature09944},
  year = {2011},
  month = apr,
  publisher = {Springer Science and Business Media {LLC}},
  volume = {473},
  number = {7346},
  pages = {174--180},
  author = {Manimozhiyan Arumugam and   and Jeroen Raes and Eric Pelletier and Denis Le Paslier and Takuji Yamada and Daniel R. Mende and Gabriel R. Fernandes and Julien Tap and Thomas Bruls and Jean-Michel Batto and Marcelo Bertalan and Natalia Borruel and Francesc Casellas and Leyden Fernandez and Laurent Gautier and Torben Hansen and Masahira Hattori and Tetsuya Hayashi and Michiel Kleerebezem and Ken Kurokawa and Marion Leclerc and Florence Levenez and Chaysavanh Manichanh and H. Bj{\o}rn Nielsen and Trine Nielsen and Nicolas Pons and Julie Poulain and Junjie Qin and Thomas Sicheritz-Ponten and Sebastian Tims and David Torrents and Edgardo Ugarte and Erwin G. Zoetendal and Jun Wang and Francisco Guarner and Oluf Pedersen and Willem M. de Vos and S{\o}ren Brunak and Joel Dor{\'{e}} and Jean Weissenbach and S. Dusko Ehrlich and Peer Bork},
  title = {Enterotypes of the human gut microbiome},
  journal = {Nature}
}
@misc{wiki:kmeans,
   author = "Wikipedia",
   title = "{K-means clustering} --- {W}ikipedia{,} The Free Encyclopedia",
   year = "2023",
   howpublished = {\url{http://en.wikipedia.org/w/index.php?title=K-means\%20clustering&oldid=1179749606}},
   note = "[Online; accessed 12-October-2023]"
 }
 @misc{wiki:anova,
   author = "Wikipedia",
   title = "{Analysis of variance} --- {W}ikipedia{,} The Free Encyclopedia",
   year = "2023",
   howpublished = {\url{http://en.wikipedia.org/w/index.php?title=Analysis\%20of\%20variance&oldid=1172360686}},
   note = "[Online; accessed 12-October-2023]"
 }
 @misc{wiki:silhouette,
   author = "Wikipedia",
   title = "{Silhouette (clustering)} --- {W}ikipedia{,} The Free Encyclopedia",
   year = "2023",
   howpublished = {\url{http://en.wikipedia.org/w/index.php?title=Silhouette\%20(clustering)&oldid=1168214925}},
   note = "[Online; accessed 12-October-2023]"
 }